<record><leader>00000cas a2200000 a 4500</leader><controlfield tag="001">6967634</controlfield><controlfield tag="008">801122d197619uualumr ne      0   a0eng d</controlfield><controlfield tag="009">769</controlfield><datafield ind1=" " ind2=" " tag="010"><subfield code="a">sn 84006938 </subfield></datafield><datafield ind1=" " ind2=" " tag="040"><subfield code="a">LNU</subfield><subfield code="b">eng</subfield><subfield code="c">LNU</subfield><subfield code="d">NSD</subfield><subfield code="d">OCL</subfield><subfield code="d">NSD</subfield><subfield code="d">NST</subfield><subfield code="d">CNW</subfield><subfield code="d">DLC</subfield><subfield code="d">NSD</subfield><subfield code="d">OCL</subfield><subfield code="d">OCLCQ</subfield><subfield code="d">CUI</subfield><subfield code="d">OCLCQ</subfield></datafield><datafield ind1=" " ind2=" " tag="012"><subfield code="b">3</subfield><subfield code="i">9002</subfield><subfield code="j">0</subfield><subfield code="k">1</subfield><subfield code="l">1</subfield><subfield code="m">1</subfield></datafield><datafield ind1=" " ind2=" " tag="019"><subfield code="a">5051004</subfield></datafield><datafield ind1="1" ind2=" " tag="022"><subfield code="a">0749-0763</subfield><subfield code="l">0749-0763</subfield><subfield code="2">1</subfield></datafield><datafield ind1="1" ind2=" " tag="029"><subfield code="a">AU@</subfield><subfield code="b">000025805002</subfield></datafield><datafield ind1=" " ind2=" " tag="032"><subfield code="a">355210</subfield><subfield code="b">USPS</subfield></datafield><datafield ind1=" " ind2=" " tag="042"><subfield code="a">nsdp</subfield><subfield code="a">msc</subfield></datafield><datafield ind1=" " ind2=" " tag="090"><subfield code="a">HS2330.K6</subfield><subfield code="b">K5</subfield></datafield><datafield ind1=" " ind2="4" tag="222"><subfield code="a">The Klansman</subfield></datafield><datafield ind1="0" ind2="4" tag="245"><subfield code="a">The Klansman.</subfield></datafield><datafield ind1=" " ind2=" " tag="260"><subfield code="a">Denham Springs, LA :</subfield><subfield code="b">John G. Coco, ed.</subfield></datafield><datafield ind1=" " ind2=" " tag="300"><subfield code="a">v. :</subfield><subfield code="b">ill. ;</subfield><subfield code="c">37 cm.</subfield></datafield><datafield ind1=" " ind2=" " tag="310"><subfield code="a">Monthly</subfield></datafield><datafield ind1="0" ind2=" " tag="362"><subfield code="a">Vol. 1, no. 1(Jan. 1976)-</subfield></datafield><datafield ind1=" " ind2=" " tag="515"><subfield code="a">Issues for Oct. 1976- lack volume numbering.</subfield></datafield><datafield ind1=" " ind2=" " tag="550"><subfield code="a">Official newspaper of the Invisible Empire, Knights of the Ku Klux Klan.</subfield></datafield><datafield ind1="2" ind2="0" tag="610"><subfield code="a">Ku Klux Klan (1915- )</subfield><subfield code="v">Periodicals.</subfield></datafield><datafield ind1=" " ind2="0" tag="650"><subfield code="a">White supremacy movements</subfield><subfield code="v">Newspapers.</subfield></datafield><datafield ind1=" " ind2="0" tag="650"><subfield code="a">Nationalism</subfield><subfield code="v">Newspapers.</subfield></datafield><datafield ind1=" " ind2="0" tag="650"><subfield code="a">Antisemitism</subfield><subfield code="v">Newspapers.</subfield></datafield><datafield ind1="2" ind2=" " tag="710"><subfield code="a">Ku Klux Klan (1915- )</subfield></datafield><datafield ind1="2" ind2=" " tag="710"><subfield code="a">Invisible Empire, Knights of the Ku Klux Klan.</subfield></datafield><datafield ind1=" " ind2=" " tag="752"><subfield code="a">United States</subfield><subfield code="b">Louisiana</subfield><subfield code="c">Livingston</subfield><subfield code="d">Denham Springs.</subfield></datafield><datafield ind1="0" ind2="0" tag="785"><subfield code="t">Klansman (Gulf, N.C.)</subfield><subfield code="x">0749-0763</subfield><subfield code="w">(DLC)   95644689</subfield><subfield code="w">(OCoLC)32619065</subfield></datafield><datafield ind1=" " ind2=" " tag="850"><subfield code="a">KU-S</subfield><subfield code="a">NcD</subfield><subfield code="a">WM</subfield></datafield><datafield ind1=" " ind2=" " tag="936"><subfield code="a">Sept./Oct. 1986</subfield></datafield></record>